@misc{topcoder,
  author = {TopCoder Team},
  title = {{Child Stuntedness}},
  howpublished = "\url{http://community.topcoder.com/longcontest/?module=ViewProblemStatement&rd=16065&pm=13367}",
  year = {2014}, 
  note = "[Online; accessed 11-October-2014]"
}

@misc{biomedcentral,
  author = {Teshale Fikadu, Sahilu Assegid and Lamessa Dube},
  title = {{Factors associated with stunting among children of age 24 to 59 months in Meskan district, Gurage Zone, South Ethiopia: a case-control study}},
  howpublished = "\url{http://www.biomedcentral.com/1471-2458/14/800}",
  year = {2014}, 
  note = "[Online; accessed 29-November-2014]"
}


